Automatically generated by Mendeley Desktop 1.12.4
Any changes to this file will be lost if it is regenerated by Mendeley.

BibTeX export options can be customized via Preferences -> BibTeX in Mendeley Desktop

@misc{Wikipedia2014d,
abstract = {Kanban is a method for managing knowledge work with an emphasis on just-in-time delivery while not overloading the team members. In this approach, the process, from definition of a task to its delivery to the customer, is displayed for participants to see and team members pull work from a queue.},
author = {Wikipedia},
pages = {1},
title = {{Kanban (development)}},
url = {http://en.wikipedia.org/wiki/Kanban\_(development)},
year = {2014}
}
@techreport{Berrios2014a,
author = {Berr\'{\i}os, Luis},
file = {::},
title = {{Gesti\'{o}n de Proyectos TI Gesti\'{o}n del Alcance del Proyecto}},
year = {2014}
}
@article{Beck1999a,
author = {Beck, Kent},
file = {::},
journal = {Computer},
number = {c},
pages = {70--77},
title = {{Embracing change with extreme programming}},
url = {http://ieeexplore.ieee.org/xpls/abs\_all.jsp?arnumber=796139},
year = {1999}
}
@misc{EquipoeditorialdeBuenosNegocios,
author = {{Equipo editorial de BuenosNegocios}},
pages = {1},
title = {{Las cuatro P del marketing}},
url = {http://www.buenosnegocios.com/notas/324-las-4-p-del-marketing},
urldate = {29 de marzo de 2014}
}
@misc{DerechoChile2011a,
author = {{Derecho Chile}},
pages = {1},
title = {{Startup, figuras societarias, I Parte}},
url = {http://www.derecho-chile.cl/startup-figuras-societarias/},
urldate = {Mayo 19, 2014},
year = {2011}
}
@misc{DerechoChile2012c,
author = {{Derecho Chile}},
pages = {1},
title = {{SOCIEDAD EN COMANDITA, MODELO CONTRATO}},
url = {http://www.derecho-chile.cl/modelo\_contrato-sociedad-en-comandita/},
urldate = {Mayo 19, 2014},
year = {2012}
}
@misc{MinisteriodelTrabajoyPrevisionSocial;SubsecretariadelTrabajo2014a,
author = {{Ministerio del Trabajo y Previsi\'{o}n Social; Subsecretar\'{\i}a del Trabajo}},
file = {::},
title = {{FIJA EL TEXTO REFUNDIDO, COORDINADO Y SISTEMATIZADO DEL CODIGO DEL TRABAJO}},
url = {http://www.leychile.cl/Navegar?idNorma=207436},
year = {2014}
}
@misc{Mandaleris2014a,
author = {Mandaleris, Paulo},
pages = {1},
title = {{Compartir es rentable}},
url = {http://dawncoffee.com/academico/compartir-es-rentable-sabes-que-es-la-economia-colaborativa},
urldate = {31 de marzo de 2014},
year = {2014}
}
@phdthesis{Araya2012a,
author = {Araya, Luis},
file = {::},
school = {Universidad de Chile},
title = {{Analisis tributario de las sociedades por acciones}},
url = {http://www.tesis.uchile.cl/bitstream/handle/2250/112712/de-araya\_l.pdf?sequence=1},
year = {2012}
}
@misc{Wikipedia2014e,
author = {Wikipedia},
pages = {1},
title = {{MoSCoW Method}},
url = {http://en.wikipedia.org/wiki/MoSCoW\_method},
urldate = {9/05/2014},
year = {2014}
}
@misc{Mota2012a,
author = {Mota, Georgina},
pages = {1},
title = {{Venta de datos personales, el verdadero negocio de las redes sociales}},
url = {http://mx.ibtimes.com/articles/23613/20120409/datos-personales.htm},
urldate = {7 de abril de 2014},
year = {2012}
}
@misc{Sernac2012a,
author = {Sernac},
pages = {1},
title = {{Servicio Nacional del Consumidor | Ley del Consumidor}},
url = {http://www.sernac.cl/proteccion-al-consumidor/ley-del-consumidor/},
urldate = {22/05/2014},
year = {2012}
}
@misc{Nacional2012a,
author = {Nacional, Congreso},
file = {::},
title = {{LEY SOBRE SOCIEDADES ANONIMAS}},
url = {http://www.leychile.cl/Navegar?idNorma=29473},
year = {2012}
}
@misc{SoyEntrepreneur.coma,
author = {SoyEntrepreneur.com},
title = {{Define las 4P de tu negocio}},
url = {http://www.soyentrepreneur.com/define-las-4-p-de-tu-negocio.html},
urldate = {29 de marzo de 2014}
}
@misc{MINISTERIODESALUD2014a,
author = {{MINISTERIO DE SALUD}},
title = {{CREA LA SUPERINTENDENCIA DE INSTITUCIONES DE SALUD PREVISIONAL, DICTA LAS NORMAS PARA EL OTORGAMIENTO DE PRESTACIONES POR ISAPRE Y DEROGA EL DECRETO CON FUERZA LEY N° 3, DE SALUD, DE 1981}},
url = {http://www.leychile.cl/Navegar?idNorma=30304},
year = {2014}
}
@article{Qureshi2012a,
author = {Qureshi, M. Rizwan Jameel},
doi = {10.1049/iet-sen.2011.0110},
file = {::},
issn = {17518806},
journal = {IET Software},
number = {4},
pages = {358},
title = {{Agile software development methodology for medium and large projects}},
url = {http://digital-library.theiet.org/content/journals/10.1049/iet-sen.2011.0110},
volume = {6},
year = {2012}
}
@misc{DerechoChile2012e,
author = {{Derecho Chile}},
pages = {1},
title = {{Pasos para crear una empresa en Chile I Parte}},
url = {http://www.derecho-chile.cl/pasos-para-crear-una-empresa-en-chile-resumen/},
urldate = {Mayo 19, 2014},
year = {2012}
}
@article{Artail2005a,
author = {Artail, H},
file = {::},
journal = {Pervasive Computing, IEEE},
title = {{A multiplatform methodology: developing mobile device applications}},
url = {http://ieeexplore.ieee.org/xpls/abs\_all.jsp?arnumber=1427657},
year = {2005}
}
@misc{Pellegrino2014a,
author = {Pellegrino, Antonio R},
file = {::},
pages = {17},
title = {{Metodos contables de costeo}},
url = {http://vmleon.tripod.com/costos/metodos\_de\_costeo.pdf},
year = {2014}
}
@misc{ServiciodeImpuestosInternosa,
author = {{Servicio de Impuestos Internos}},
title = {{Impuesto a la Renta}},
url = {http://www.sii.cl/portales/inversionistas/imp\_chile/impuesto\_renta.htm},
urldate = {Mayo 23, 2014}
}
@misc{DerechoChilea,
author = {{Derecho Chile}},
title = {{Sociedad por acciones, modelo de escritura.}},
url = {http://www.derecho-chile.cl/sociedad-por-acciones/},
urldate = {Mayo 19, 2014}
}
@misc{ISO2008a,
author = {ISO},
keywords = {ISO},
title = {{ISO 9001:2008 - Quality management systems -- Requirements}},
url = {http://www.iso.org/iso/home/store/catalogue\_tc/catalogue\_detail.htm?csnumber=46486},
urldate = {07/05/14},
year = {2008}
}
@article{Krawczyk2010a,
author = {Krawczyk, H and Rek, Adam},
file = {::},
journal = {Information Technology (ICIT), 2010 2nd \ldots},
keywords = {component,java,open source,portlet,web application},
number = {June},
pages = {117--120},
title = {{Methodology for developing Web-based applications from reusable components using open-source tools}},
url = {http://ieeexplore.ieee.org/xpls/abs\_all.jsp?arnumber=5553378},
year = {2010}
}
@misc{DiarioOficiala,
author = {{Diario Oficial}},
title = {{Proceso de Constituci\'{o}n de una Sociedad}},
url = {http://www.diariooficial.interior.gob.cl/sociedades-web/procedimiento-de-constitucion-de-una-sociedad/}
}
@misc{SurveyMonkeya,
author = {SurveyMonkey},
pages = {1},
title = {{Encuestas de mercado: Ejemplos de preguntas y plantillas}},
url = {https://es.surveymonkey.com/mp/marketing-survey-templates/},
urldate = {2 de abril de 2014}
}
@misc{Nacional1974a,
author = {Nacional, Congreso},
file = {::},
title = {{CODIGO TRIBUTARIO (CTRIB)}},
url = {http://www.leychile.cl/Navegar?idNorma=6374},
year = {1974}
}
@misc{Internosa,
author = {Internos, Impuestos and Rut, Obtener and Jur, Actividades Personas and Econ, Actividad and Inicio, Declarar},
file = {::},
pages = {1--6},
title = {{¿C\'{o}mo se hace para..? OBTENER RUT E INICIAR ACTIVIDADES PERSONAS JURIDICAS}}
}
@article{Mnkandla2007a,
author = {Mnkandla, E and Dwolatzky, B},
file = {::},
isbn = {0769529372},
number = {Icsea},
title = {{Agile Methodologies Selection Toolbox .}},
year = {2007}
}
@misc{Nacional2014g,
author = {Nacional, Congreso},
file = {::},
title = {{INTRODUCE ADECUACIONES TRIBUTARIAS E INSTITUCIONALES PARA EL FOMENTO DE LA INDUSTRIA DE CAPITAL DE RIESGO Y CONTINUA EL PROCESO DE MODERNIZACION DEL MERCADO DE CAPITALES}},
url = {http://www.leychile.cl/Navegar?idNorma=261427\&idParte=0},
year = {2014}
}
@misc{DerechoChile2012d,
author = {{Derecho Chile}},
pages = {1},
title = {{Startup, figuras societarias, II Parte}},
url = {http://www.derecho-chile.cl/startup-figuras-societarias-ii-parte/},
urldate = {Mayo 19, 2014},
year = {2012}
}
@misc{RubyComunity2014a,
author = {{Ruby Comunity}},
pages = {1},
title = {{Lenguaje de Programaci\'{o}n Ruby}},
url = {https://www.ruby-lang.org/es/},
urldate = {1/06/2014},
year = {2014}
}
@article{CiperChile2010a,
author = {{Ciper Chile}},
file = {::},
pages = {6--11},
title = {{Extractos publicados enDiarioOficial de las 19 sociedades an\'{o}nimas constituidas por la Universidad Central}},
url = {http://ciperchile.cl/wp-content/uploads/Extractos-publicados-en-Diario-Oficial-de-las-19-sociedades-an�nimas-constituidas-por-la-Universidad-Central.pdf},
year = {2010}
}
@misc{Subtel2014a,
author = {Subtel},
pages = {19},
title = {{Reglamento de servicios de telecomunicaciones}},
url = {http://www.subtel.gob.cl/images/stories/apoyo\_articulos/concesionarios\_permisionarios/reglamento\_servicios\_de\_telecomunicaciones\_final.pdf},
year = {2014}
}
@misc{INAPIa,
author = {INAPI},
file = {::},
pages = {1--3},
title = {{¿Cu\'{a}l es el procedimiento para inscribir una marca comercial?}},
url = {http://www.inapi.cl/portal/orientacion/602/w3-article-915.html}
}
@article{Colvin2004a,
author = {Colvin, Janet and Tobler, Nancy and Lindsay, D},
file = {::},
journal = {Rocky Mountain Comm. Review 2: 1 \ldots},
title = {{Productivity and multi-screen displays}},
url = {http://50.201.84.203/pdfs/Multi-Mon-Report.pdf},
year = {2004}
}
@misc{Nacional2003a,
author = {Nacional, Congreso},
file = {::},
pages = {7--9},
title = {{AUTORIZA EL ESTABLECIMIENTO DE EMPRESAS INDIVIDUALES DE RESPONSABILIDAD LIMITADA}},
url = {http://www.leychile.cl/Navegar?idNorma=207588},
year = {2003}
}
@article{Porter1979a,
abstract = {The nature and degree of competition in an industry hinge on 5 forces: the threat of new entrants, the bargaining power of customers, the bargaining power of suppliers, and the threat of substitute products or services (where applicable) and the jockeying among current contestants},
author = {Porter, Michael},
doi = {10.1097/00006534-199804050-00042},
isbn = {00178012},
issn = {00178012},
journal = {Harvard business Review},
keywords = {5 forces,Harvard Business Review,Porter},
pages = {137 -- 145},
pmid = {18271320},
title = {{How Competitive Forces Shape Strategy}},
url = {http://faculty.bcitbusiness.org/kevinw/4800/porter79.pdf},
year = {1979}
}
@book{Cockburn2004a,
author = {Cockburn, Alistair},
booktitle = {Nature},
file = {::},
issn = {1476-4687},
keywords = {20th Century,21st Century,Anniversaries and Special Events,Crystallography,History,Quantum Theory,Quantum Theory: history,X-Ray,X-Ray: history,X-Ray: trends},
month = jan,
pages = {312},
pmid = {24482832},
title = {{Crystal clear, A Human-Powered Methodology For Small Teams, including The Seven Properties of Effective Software Projects}},
url = {http://users.dcc.uchile.cl/~nbaloian/cc1001-03/ejercicios/crystalclearV5d.pdf},
year = {2004}
}
@misc{Nacional2014i,
author = {Nacional, Congreso},
file = {::},
title = {{ESTABLECE UN SEGURO DE DESEMPLEO}},
url = {http://www.leychile.cl/Navegar?idNorma=184979},
year = {2014}
}
@misc{Press2014a,
author = {Press, Europa},
pages = {1},
title = {{Andr\'{e} Freire de Andrade (Aegis Media): "La venta de datos de plataformas digitales puede suponer un 20\% de ingresos"}},
url = {http://www.europapress.es/nacional/noticia-andre-freire-andrade-aegis-media-venta-datos-plataformas-digitales-puede-suponer-20-ingresos-20140407130530.html},
urldate = {7 de abril de 2014},
year = {2014}
}
@misc{CongresoNacional2014a,
author = {{Congreso Nacional}},
file = {::},
title = {{APRUEBA TEXTO QUE SE\~{N}ALA DEL CODIGO TRIBUTARIO}},
url = {http://www.leychile.cl/Navegar?idNorma=6374},
year = {2014}
}
@misc{MinisteriodelTrabajoyPrevisionSoclai;SubsecretariadePrevisionSocial2014a,
author = {{Ministerio del Trabajo y Previsi\'{o}n Soclai; Subsecretar\'{\i}a de Previsi\'{o}n Social}},
file = {::},
title = {{ESTABLECE REFORMA PREVISIONAL}},
url = {http://www.leychile.cl/Navegar?idNorma=269892\&buscar=Ley+20.255},
year = {2014}
}
@misc{Nacional2014e,
author = {Nacional, Congreso},
file = {::},
title = {{APRUEBA TEXTO QUE INDICA DE LA LEY SOBRE IMPUESTO A LA RENTA}},
url = {http://www.leychile.cl/Navegar?idNorma=6368},
year = {2014}
}
@book{Cockburn2002a,
author = {Cockburn, Alistair},
file = {::},
pages = {2000--2001},
title = {{Agile software development}},
url = {http://users.dcc.uchile.cl/~nbaloian/cc1001-03/ejercicios/crystalclearV5d.pdf http://www.ccs.neu.edu/home/lieber/com1205/w03/lectures/lec1d-short-agile-sd.ps},
year = {2002}
}
@misc{MinisteriodeEconomia2013a,
author = {{Ministerio de Econom\'{\i}a}},
file = {::},
pages = {47},
publisher = {Bilioteca del Congreso Nacional de Chile},
title = {{ESTABLECE NORMAS SOBRE PROTECCION DE LOS DERECHOS DE LOS CONSUMIDORES}},
url = {http://bcn.cl/1hvhe},
year = {2013}
}
@misc{Wikipedia2014c,
author = {Wikipedia},
title = {{Scrum - Wikipedia, la enciclopedia libre}},
url = {http://es.wikipedia.org/wiki/Scrum},
urldate = {30/04/14},
year = {2014}
}
@misc{Nacional2014h,
author = {Nacional, Congreso},
file = {::},
title = {{ESTABLECE NORMAS SOBRE ACCIDENTES DEL TRABAJO Y ENFERMEDADES PROFESIONALES}},
url = {http://www.leychile.cl/Navegar?idNorma=28650},
year = {2014}
}
@misc{Netquesta,
author = {Netquest},
title = {{Que tama\~{n}o de muestra necesito}},
url = {http://www.netquest.com/actualidad/que-tamano-de-muestra-necesito/},
urldate = {16 de abril de 2014}
}
@misc{MINEDUC1970a,
author = {MINEDUC},
pages = {1},
title = {{Ley de propiedad intelectual}},
url = {http://www.leychile.cl/Navegar?idNorma=28933\&buscar=Propiedad+Intelectual},
urldate = {2 de Abril de 2014},
year = {1970}
}
@misc{UniversityofUTAH,
author = {{University of UTAH}},
title = {{Monitor Size and Display Ratio Productivity Research: A Comparison of Single and Dual Traditional Aspect Displays with a Widescreen Display over Productivy}},
url = {http://es.scribd.com/doc/34875662/NEC-Productivity-Study-0208},
urldate = {Junio 6, 2014}
}
@article{Sriram2012a,
author = {Sriram, R. and Mathew, S. K.},
doi = {10.1109/ICMIT.2012.6225837},
file = {::},
isbn = {978-1-4673-0110-7},
journal = {2012 IEEE International Conference on Management of Innovation \& Technology (ICMIT)},
keywords = {agile,global software development},
month = jun,
pages = {389--393},
publisher = {Ieee},
title = {{Global software development using agile methodologies: A review of literature}},
url = {http://ieeexplore.ieee.org/lpdocs/epic03/wrapper.htm?arnumber=6225837},
year = {2012}
}
@article{Taromirad2008a,
author = {Taromirad, Masoumeh and Ramsin, Raman},
doi = {10.1109/SEW.2008.19},
file = {::},
isbn = {978-0-7695-3617-0},
journal = {\ldots , 2008. SEW'08. 32nd Annual IEEE},
month = oct,
pages = {195--204},
publisher = {Ieee},
title = {{Cefam: Comprehensive evaluation framework for agile methodologies}},
url = {http://ieeexplore.ieee.org/lpdocs/epic03/wrapper.htm?arnumber=5328379 http://ieeexplore.ieee.org/xpls/abs\_all.jsp?arnumber=5328379},
year = {2008}
}
@article{La2011a,
author = {La, HJ and Lee, HJ and Kim, SD},
doi = {10.1109/WiMOB.2011.6085388},
file = {::},
isbn = {978-1-4577-2014-7},
journal = {\ldots Mobile Computing, Networking and \ldots},
keywords = {- mobile application architecture,design principles,guidelines,model-view-controller},
month = oct,
pages = {272--279},
publisher = {Ieee},
title = {{An Efficiency-centric design methodology for mobile application architectures}},
url = {http://ieeexplore.ieee.org/lpdocs/epic03/wrapper.htm?arnumber=6085388 http://ieeexplore.ieee.org/xpls/abs\_all.jsp?arnumber=6085388},
year = {2011}
}
@misc{Otto2014a,
author = {Otto, Mark and Thornton, Jacob},
pages = {1},
title = {{Bootstrap}},
url = {http://getbootstrap.com/},
urldate = {03/06/2014},
year = {2014}
}
@article{Rahimian2008a,
author = {Rahimian, Vahid and Ramsin, Raman},
file = {::},
journal = {Research Challenges in Information \ldots},
title = {{Designing an agile methodology for mobile software development: a hybrid method engineering approach}},
url = {http://ieeexplore.ieee.org/xpls/abs\_all.jsp?arnumber=4632123},
year = {2008}
}
@techreport{Claudia2007a,
abstract = {En este art\'{\i}culo se presentan y describen en detalle los distintos aspectos que conforman la calidad de un producto estad\'{\i}stico seg\'{u}n la OECD1 y EUROSTAT2 . Dichos aspectos est\'{a}n directamente asociados con las necesidades y requerimientos de los usuarios del producto ya que se considera que la calidad no se limita al aseguramiento de la exactitud y precisi\'{o}n del producto, sino que debe tambi\'{e}n considerar los aspectos de satisfacci\'{o}n de sus usuarios. Seg\'{u}n la OECD las dimensiones para las cuales se postula y sugiere cuantificar la calidad de un producto estad\'{\i}stico son: • Relevancia / Pertinencia • Acuracidad / Exactitud • Credibilidad • Oportunidad • Accesibilidad • Interpretabilidad • Coherencia Seg\'{u}n EUROSTAT a estos aspectos se agregan: • Puntualidad (como dimensi\'{o}n separada de oportunidad) • Transparencia (que la OECD considere en credibilidad) • Comparabilidad (que la OECD engloba en coherencia) • Exhaustividad (que la OECD considera parte de relevancia) Ambas instituciones entregan los lineamientos conceptuales que permitan definir dichos conceptos y sugieren indicadores que podr\'{\i}an operacionalizarlos. Sin embargo queda a criterio de la instituci\'{o}n generadora de productos la definici\'{o}n operativa de los indicadores, como tambi\'{e}n los criterios y est\'{a}ndares de satisfacci\'{o}n. Esto significa que cada instituci\'{o}n debe definir la m\'{e}trica en la cual medir\'{a} cada indicador asociado a cada dimensi\'{o}n, la forma de agregaci\'{o}n de los indicadores y los criterios que permitan asegurar que su producci\'{o}n estad\'{\i}stica es de calidad. En este art\'{\i}culo fuera de la descripci\'{o}n de las dimensiones se adjunta como ejemplo para cada una de ellas un conjunto de indicadores posibles que permiten cuantificarla},
author = {Claudia, M},
file = {::},
pages = {12},
title = {{Dimensiones de la Calidad}},
url = {http://www.ine.cl/canales/menu/publicaciones/estudios\_y\_documentos/estudios/dimensionesdecalidad\_4.pdf},
year = {2007}
}
@phdthesis{Jimenez2012a,
author = {Jim\'{e}nez, Er\'{e}ndira Miriam},
file = {::},
pages = {122},
school = {Instituto Politecnico Nacional},
title = {{Meta, una metodolog\'{\i}a h\'{\i}brida para desarrollo de software web propuesta para las empresas de software en m\'{e}xico}},
url = {http://www.saber.cic.ipn.mx/cake/SABERsvn/trunk/Repositorios/webVerArchivo/600/1.pdf},
year = {2012}
}
@misc{Nacional2014f,
author = {Nacional, Congreso},
file = {::},
title = {{Proyecto Reforma Tributaria}},
url = {http://reformatributaria.gob.cl/documentos.html},
year = {2014}
}
@techreport{Chile2014a,
abstract = {Propuesta estudio de mercado},
address = {Sanrtiago},
author = {Chile, Kronos},
file = {:Users/dquinteros/Library/Application Support/Mendeley Desktop/Downloaded/Chile - 2014 - Propuesta estudio de alquiler de bienes persdonales, SocialTech Solutions.pdf:pdf},
institution = {Kronos Chile},
pages = {14},
title = {{Propuesta estudio de alquiler de bienes persdonales, SocialTech Solutions}},
year = {2014}
}
@techreport{IAB2013a,
author = {IAB},
file = {:Users/dquinteros/Library/Application Support/Mendeley Desktop/Downloaded/IAB - 2013 - Cifras del mercado de internet en Chile.pdf:pdf},
pages = {30},
title = {{Cifras del mercado de internet en Chile}},
url = {iab.cl/wp-content/themes/IAB/download.php?archivo=14314|informedatosdemercado\_iab\_201328.pdf},
year = {2013}
}
@misc{MoraMendoza2013a,
author = {{Mora Mendoza}, Victor Hugo},
title = {{Asi funciona la plataforma AdSense de Google}},
url = {http://www.eluniversal.com.co/tecnologia/asi-funciona-la-plataforma-adsense-de-google-136521},
urldate = {16 de abril de 2014},
year = {2013}
}
@misc{EquipoeditorialdeBuenosNegocios,
author = {{Equipo editorial de BuenosNegocios}},
pages = {1},
title = {{Las cuatro P del marketing}},
url = {http://www.buenosnegocios.com/notas/324-las-4-p-del-marketing},
urldate = {29 de marzo de 2014}
}
@misc{MINISTERIODELTRABAJOYPREVISIONSOCIAL2014a,
author = {{MINISTERIO DEL TRABAJO Y PREVISI\'{O}N SOCIAL}},
file = {::},
title = {{ESTABLECE NUEVO SISTEMA DE PENSIONES}},
url = {http://www.leychile.cl/Navegar?idNorma=7147},
year = {2014}
}
@techreport{SUBTEL2014a,
author = {SUBTEL},
pages = {28},
title = {{Informe estadistico subtel sector comunicaciones}},
url = {http://www.subtel.gob.cl/images/stories/apoyo\_articulos/notas\_prensa/06032014/Informe\_Estadistico\_SUBTEL\_2013.pdf},
year = {2014}
}
