Automatically generated by Mendeley Desktop 1.12.4
Any changes to this file will be lost if it is regenerated by Mendeley.

BibTeX export options can be customized via Options -> BibTeX in Mendeley Desktop

@misc{CongresoNacional2014a,
author = {{Congreso Nacional}},
file = {::},
title = {{APRUEBA TEXTO QUE SE\~{N}ALA DEL CODIGO TRIBUTARIO}},
url = {http://www.leychile.cl/Navegar?idNorma=6374},
year = {2014}
}
@misc{DerechoChilea,
author = {{Derecho Chile}},
title = {{Sociedad por acciones, modelo de escritura.}},
url = {http://www.derecho-chile.cl/sociedad-por-acciones/},
urldate = {Mayo 19, 2014}
}
@misc{Nacional2014h,
author = {Nacional, Congreso},
file = {::},
title = {{ESTABLECE NORMAS SOBRE ACCIDENTES DEL TRABAJO Y ENFERMEDADES PROFESIONALES}},
url = {http://www.leychile.cl/Navegar?idNorma=28650},
year = {2014}
}
@misc{ServiciodeImpuestosInternosa,
author = {{Servicio de Impuestos Internos}},
title = {{Impuesto a la Renta}},
url = {http://www.sii.cl/portales/inversionistas/imp\_chile/impuesto\_renta.htm},
urldate = {Mayo 23, 2014}
}
@misc{MINISTERIODESALUD2014a,
author = {{MINISTERIO DE SALUD}},
title = {{CREA LA SUPERINTENDENCIA DE INSTITUCIONES DE SALUD PREVISIONAL, DICTA LAS NORMAS PARA EL OTORGAMIENTO DE PRESTACIONES POR ISAPRE Y DEROGA EL DECRETO CON FUERZA LEY N° 3, DE SALUD, DE 1981}},
url = {http://www.leychile.cl/Navegar?idNorma=30304},
year = {2014}
}
@misc{Nacional2014g,
author = {Nacional, Congreso},
file = {::},
title = {{INTRODUCE ADECUACIONES TRIBUTARIAS E INSTITUCIONALES PARA EL FOMENTO DE LA INDUSTRIA DE CAPITAL DE RIESGO Y CONTINUA EL PROCESO DE MODERNIZACION DEL MERCADO DE CAPITALES}},
url = {http://www.leychile.cl/Navegar?idNorma=261427\&idParte=0},
year = {2014}
}
@misc{Nacional2003a,
author = {Nacional, Congreso},
file = {::},
pages = {7--9},
title = {{AUTORIZA EL ESTABLECIMIENTO DE EMPRESAS INDIVIDUALES DE RESPONSABILIDAD LIMITADA}},
url = {http://www.leychile.cl/Navegar?idNorma=207588},
year = {2003}
}
@misc{Nacional2014e,
author = {Nacional, Congreso},
file = {::},
title = {{APRUEBA TEXTO QUE INDICA DE LA LEY SOBRE IMPUESTO A LA RENTA}},
url = {http://www.leychile.cl/Navegar?idNorma=6368},
year = {2014}
}
@misc{DiarioOficiala,
author = {{Diario Oficial}},
title = {{Proceso de Constituci\'{o}n de una Sociedad}},
url = {http://www.diariooficial.interior.gob.cl/sociedades-web/procedimiento-de-constitucion-de-una-sociedad/}
}
@misc{Nacional1974a,
author = {Nacional, Congreso},
file = {::},
title = {{CODIGO TRIBUTARIO (CTRIB)}},
url = {http://www.leychile.cl/Navegar?idNorma=6374},
year = {1974}
}
@misc{MinisteriodeEconomia2013a,
author = {{Ministerio de Econom\'{\i}a}},
file = {::},
pages = {47},
publisher = {Bilioteca del Congreso Nacional de Chile},
title = {{ESTABLECE NORMAS SOBRE PROTECCION DE LOS DERECHOS DE LOS CONSUMIDORES}},
url = {http://bcn.cl/1hvhe},
year = {2013}
}
@misc{Nacional2014i,
author = {Nacional, Congreso},
file = {::},
title = {{ESTABLECE UN SEGURO DE DESEMPLEO}},
url = {http://www.leychile.cl/Navegar?idNorma=184979},
year = {2014}
}
@misc{Nacional2012a,
author = {Nacional, Congreso},
file = {::},
title = {{LEY SOBRE SOCIEDADES ANONIMAS}},
url = {http://www.leychile.cl/Navegar?idNorma=29473},
year = {2012}
}
@misc{Internosa,
author = {Internos, Impuestos and Rut, Obtener and Jur, Actividades Personas and Econ, Actividad and Inicio, Declarar},
file = {::},
pages = {1--6},
title = {{¿C\'{o}mo se hace para..? OBTENER RUT E INICIAR ACTIVIDADES PERSONAS JURIDICAS}}
}
@misc{Sernac2012a,
author = {Sernac},
pages = {1},
title = {{Servicio Nacional del Consumidor | Ley del Consumidor}},
url = {http://www.sernac.cl/proteccion-al-consumidor/ley-del-consumidor/},
urldate = {22/05/2014},
year = {2012}
}
@phdthesis{Araya2012a,
author = {Araya, Luis},
file = {::},
school = {Universidad de Chile},
title = {{Analisis tributario de las sociedades por acciones}},
url = {http://www.tesis.uchile.cl/bitstream/handle/2250/112712/de-araya\_l.pdf?sequence=1},
year = {2012}
}
@misc{INAPIa,
author = {INAPI},
file = {::},
pages = {1--3},
title = {{¿Cu\'{a}l es el procedimiento para inscribir una marca comercial?}},
url = {http://www.inapi.cl/portal/orientacion/602/w3-article-915.html}
}
@misc{Subtel2014a,
author = {Subtel},
pages = {19},
title = {{Reglamento de servicios de telecomunicaciones}},
url = {http://www.subtel.gob.cl/images/stories/apoyo\_articulos/concesionarios\_permisionarios/reglamento\_servicios\_de\_telecomunicaciones\_final.pdf},
year = {2014}
}
@article{CiperChile2010a,
author = {{Ciper Chile}},
file = {::},
pages = {6--11},
title = {{Extractos publicados enDiarioOficial de las 19 sociedades an\'{o}nimas constituidas por la Universidad Central}},
url = {http://ciperchile.cl/wp-content/uploads/Extractos-publicados-en-Diario-Oficial-de-las-19-sociedades-an�nimas-constituidas-por-la-Universidad-Central.pdf},
year = {2010}
}
@misc{DerechoChile2012c,
author = {{Derecho Chile}},
pages = {1},
title = {{SOCIEDAD EN COMANDITA, MODELO CONTRATO}},
url = {http://www.derecho-chile.cl/modelo\_contrato-sociedad-en-comandita/},
urldate = {Mayo 19, 2014},
year = {2012}
}
@misc{MinisteriodelTrabajoyPrevisionSoclai;SubsecretariadePrevisionSocial2014a,
author = {{Ministerio del Trabajo y Previsi\'{o}n Soclai; Subsecretar\'{\i}a de Previsi\'{o}n Social}},
file = {::},
title = {{ESTABLECE REFORMA PREVISIONAL}},
url = {http://www.leychile.cl/Navegar?idNorma=269892\&buscar=Ley+20.255},
year = {2014}
}
@misc{Nacional2014f,
author = {Nacional, Congreso},
file = {::},
title = {{Proyecto Reforma Tributaria}},
url = {http://reformatributaria.gob.cl/documentos.html},
year = {2014}
}
@misc{MINISTERIODELTRABAJOYPREVISIONSOCIAL2014a,
author = {{MINISTERIO DEL TRABAJO Y PREVISI\'{O}N SOCIAL}},
file = {::},
title = {{ESTABLECE NUEVO SISTEMA DE PENSIONES}},
url = {http://www.leychile.cl/Navegar?idNorma=7147},
year = {2014}
}
@misc{DerechoChile2012d,
author = {{Derecho Chile}},
pages = {1},
title = {{Startup, figuras societarias, II Parte}},
url = {http://www.derecho-chile.cl/startup-figuras-societarias-ii-parte/},
urldate = {Mayo 19, 2014},
year = {2012}
}
@misc{DerechoChile2011a,
author = {{Derecho Chile}},
pages = {1},
title = {{Startup, figuras societarias, I Parte}},
url = {http://www.derecho-chile.cl/startup-figuras-societarias/},
urldate = {Mayo 19, 2014},
year = {2011}
}
@misc{DerechoChile2012e,
author = {{Derecho Chile}},
pages = {1},
title = {{Pasos para crear una empresa en Chile I Parte}},
url = {http://www.derecho-chile.cl/pasos-para-crear-una-empresa-en-chile-resumen/},
urldate = {Mayo 19, 2014},
year = {2012}
}
@misc{MinisteriodelTrabajoyPrevisionSocial;SubsecretariadelTrabajo2014a,
author = {{Ministerio del Trabajo y Previsi\'{o}n Social; Subsecretar\'{\i}a del Trabajo}},
file = {::},
title = {{FIJA EL TEXTO REFUNDIDO, COORDINADO Y SISTEMATIZADO DEL CODIGO DEL TRABAJO}},
url = {http://www.leychile.cl/Navegar?idNorma=207436},
year = {2014}
}
