Automatically generated by Mendeley Desktop 1.12.4
Any changes to this file will be lost if it is regenerated by Mendeley.

BibTeX export options can be customized via Options -> BibTeX in Mendeley Desktop

@misc{SoyEntrepreneur.coma,
author = {SoyEntrepreneur.com},
title = {{Define las 4P de tu negocio}},
url = {http://www.soyentrepreneur.com/define-las-4-p-de-tu-negocio.html},
urldate = {29 de marzo de 2014}
}
@article{Porter1979a,
abstract = {The nature and degree of competition in an industry hinge on 5 forces: the threat of new entrants, the bargaining power of customers, the bargaining power of suppliers, and the threat of substitute products or services (where applicable) and the jockeying among current contestants},
author = {Porter, Michael},
doi = {10.1097/00006534-199804050-00042},
isbn = {00178012},
issn = {00178012},
journal = {Harvard business Review},
keywords = {5 forces,Harvard Business Review,Porter},
pages = {137 -- 145},
pmid = {18271320},
title = {{How Competitive Forces Shape Strategy}},
url = {http://faculty.bcitbusiness.org/kevinw/4800/porter79.pdf},
year = {1979}
}
@techreport{SUBTEL2014a,
author = {SUBTEL},
pages = {28},
title = {{Informe estadistico subtel sector comunicaciones}},
url = {http://www.subtel.gob.cl/images/stories/apoyo\_articulos/notas\_prensa/06032014/Informe\_Estadistico\_SUBTEL\_2013.pdf},
year = {2014}
}
@misc{Press2014a,
author = {Press, Europa},
pages = {1},
title = {{Andr\'{e} Freire de Andrade (Aegis Media): "La venta de datos de plataformas digitales puede suponer un 20\% de ingresos"}},
url = {http://www.europapress.es/nacional/noticia-andre-freire-andrade-aegis-media-venta-datos-plataformas-digitales-puede-suponer-20-ingresos-20140407130530.html},
urldate = {7 de abril de 2014},
year = {2014}
}
@misc{Netquesta,
author = {Netquest},
title = {{Que tama\~{n}o de muestra necesito}},
url = {http://www.netquest.com/actualidad/que-tamano-de-muestra-necesito/},
urldate = {16 de abril de 2014}
}
@techreport{IAB2013a,
author = {IAB},
file = {:home/dquinteros/.local/share/data/Mendeley Ltd./Mendeley Desktop/Downloaded/IAB - 2013 - Cifras del mercado de internet en Chile.pdf:pdf},
pages = {30},
title = {{Cifras del mercado de internet en Chile}},
url = {iab.cl/wp-content/themes/IAB/download.php?archivo=14314|informedatosdemercado\_iab\_201328.pdf},
year = {2013}
}
@misc{Mandaleris2014a,
author = {Mandaleris, Paulo},
pages = {1},
title = {{Compartir es rentable}},
url = {http://dawncoffee.com/academico/compartir-es-rentable-sabes-que-es-la-economia-colaborativa},
urldate = {31 de marzo de 2014},
year = {2014}
}
@misc{MoraMendoza2013a,
author = {{Mora Mendoza}, Victor Hugo},
title = {{Asi funciona la plataforma AdSense de Google}},
url = {http://www.eluniversal.com.co/tecnologia/asi-funciona-la-plataforma-adsense-de-google-136521},
urldate = {16 de abril de 2014},
year = {2013}
}
@misc{EquipoeditorialdeBuenosNegocios,
author = {{Equipo editorial de BuenosNegocios}},
pages = {1},
title = {{Las cuatro P del marketing}},
url = {http://www.buenosnegocios.com/notas/324-las-4-p-del-marketing},
urldate = {29 de marzo de 2014}
}
@misc{Mota2012a,
author = {Mota, Georgina},
pages = {1},
title = {{Venta de datos personales, el verdadero negocio de las redes sociales}},
url = {http://mx.ibtimes.com/articles/23613/20120409/datos-personales.htm},
urldate = {7 de abril de 2014},
year = {2012}
}
@misc{MINEDUC1970a,
author = {MINEDUC},
pages = {1},
title = {{Ley de propiedad intelectual}},
url = {http://www.leychile.cl/Navegar?idNorma=28933\&buscar=Propiedad+Intelectual},
urldate = {2 de Abril de 2014},
year = {1970}
}
@misc{SurveyMonkeya,
author = {SurveyMonkey},
pages = {1},
title = {{Encuestas de mercado: Ejemplos de preguntas y plantillas}},
url = {https://es.surveymonkey.com/mp/marketing-survey-templates/},
urldate = {2 de abril de 2014}
}
@techreport{Chile2014a,
abstract = {Propuesta estudio de mercado},
address = {Sanrtiago},
author = {Chile, Kronos},
file = {:home/dquinteros/.local/share/data/Mendeley Ltd./Mendeley Desktop/Downloaded/Chile - 2014 - Propuesta estudio de alquiler de bienes persdonales, SocialTech Solutions.pdf:pdf},
institution = {Kronos Chile},
pages = {14},
title = {{Propuesta estudio de alquiler de bienes persdonales, SocialTech Solutions}},
year = {2014}
}
