Automatically generated by Mendeley Desktop 1.12.4
Any changes to this file will be lost if it is regenerated by Mendeley.

BibTeX export options can be customized via Preferences -> BibTeX in Mendeley Desktop

@misc{RubyComunity2014a,
author = {{Ruby Comunity}},
pages = {1},
title = {{Lenguaje de Programaci\'{o}n Ruby}},
url = {https://www.ruby-lang.org/es/},
urldate = {1/06/2014},
year = {2014}
}
@article{Colvin2004a,
author = {Colvin, Janet and Tobler, Nancy and Lindsay, D},
file = {::},
journal = {Rocky Mountain Comm. Review 2: 1 \ldots},
title = {{Productivity and multi-screen displays}},
url = {http://50.201.84.203/pdfs/Multi-Mon-Report.pdf},
year = {2004}
}
@misc{Otto2014a,
author = {Otto, Mark and Thornton, Jacob},
pages = {1},
title = {{Bootstrap}},
url = {http://getbootstrap.com/},
urldate = {03/06/2014},
year = {2014}
}
