Automatically generated by Mendeley Desktop 1.12.4
Any changes to this file will be lost if it is regenerated by Mendeley.

BibTeX export options can be customized via Preferences -> BibTeX in Mendeley Desktop

@misc{Wikipedia2014d,
abstract = {Kanban is a method for managing knowledge work with an emphasis on just-in-time delivery while not overloading the team members. In this approach, the process, from definition of a task to its delivery to the customer, is displayed for participants to see and team members pull work from a queue.},
author = {Wikipedia},
pages = {1},
title = {{Kanban (development)}},
url = {http://en.wikipedia.org/wiki/Kanban\_(development)},
year = {2014}
}
@techreport{Berrios2014a,
author = {Berr\'{\i}os, Luis},
file = {::},
title = {{Gesti\'{o}n de Proyectos TI Gesti\'{o}n del Alcance del Proyecto}},
year = {2014}
}
@article{Beck1999a,
author = {Beck, Kent},
file = {::},
journal = {Computer},
number = {c},
pages = {70--77},
title = {{Embracing change with extreme programming}},
url = {http://ieeexplore.ieee.org/xpls/abs\_all.jsp?arnumber=796139},
year = {1999}
}
@misc{Wikipedia2014e,
author = {Wikipedia},
pages = {1},
title = {{MoSCoW Method}},
url = {http://en.wikipedia.org/wiki/MoSCoW\_method},
urldate = {9/05/2014},
year = {2014}
}
@article{Qureshi2012a,
author = {Qureshi, M. Rizwan Jameel},
doi = {10.1049/iet-sen.2011.0110},
file = {::},
issn = {17518806},
journal = {IET Software},
number = {4},
pages = {358},
title = {{Agile software development methodology for medium and large projects}},
url = {http://digital-library.theiet.org/content/journals/10.1049/iet-sen.2011.0110},
volume = {6},
year = {2012}
}
@article{Artail2005a,
author = {Artail, H},
file = {::},
journal = {Pervasive Computing, IEEE},
title = {{A multiplatform methodology: developing mobile device applications}},
url = {http://ieeexplore.ieee.org/xpls/abs\_all.jsp?arnumber=1427657},
year = {2005}
}
@misc{Pellegrino2014a,
author = {Pellegrino, Antonio R},
file = {::},
pages = {17},
title = {{Metodos contables de costeo}},
url = {http://vmleon.tripod.com/costos/metodos\_de\_costeo.pdf},
year = {2014}
}
@misc{ISO2008a,
author = {ISO},
keywords = {ISO},
title = {{ISO 9001:2008 - Quality management systems -- Requirements}},
url = {http://www.iso.org/iso/home/store/catalogue\_tc/catalogue\_detail.htm?csnumber=46486},
urldate = {07/05/14},
year = {2008}
}
@article{Krawczyk2010a,
author = {Krawczyk, H and Rek, Adam},
file = {::},
journal = {Information Technology (ICIT), 2010 2nd \ldots},
keywords = {component,java,open source,portlet,web application},
number = {June},
pages = {117--120},
title = {{Methodology for developing Web-based applications from reusable components using open-source tools}},
url = {http://ieeexplore.ieee.org/xpls/abs\_all.jsp?arnumber=5553378},
year = {2010}
}
@article{Mnkandla2007a,
author = {Mnkandla, E and Dwolatzky, B},
file = {::},
isbn = {0769529372},
number = {Icsea},
title = {{Agile Methodologies Selection Toolbox .}},
year = {2007}
}
@book{Cockburn2004a,
author = {Cockburn, Alistair},
booktitle = {Nature},
file = {::},
issn = {1476-4687},
keywords = {20th Century,21st Century,Anniversaries and Special Events,Crystallography,History,Quantum Theory,Quantum Theory: history,X-Ray,X-Ray: history,X-Ray: trends},
month = jan,
pages = {312},
pmid = {24482832},
title = {{Crystal clear, A Human-Powered Methodology For Small Teams, including The Seven Properties of Effective Software Projects}},
url = {http://users.dcc.uchile.cl/~nbaloian/cc1001-03/ejercicios/crystalclearV5d.pdf},
year = {2004}
}
@book{Cockburn2002a,
author = {Cockburn, Alistair},
file = {::},
pages = {2000--2001},
title = {{Agile software development}},
url = {http://users.dcc.uchile.cl/~nbaloian/cc1001-03/ejercicios/crystalclearV5d.pdf http://www.ccs.neu.edu/home/lieber/com1205/w03/lectures/lec1d-short-agile-sd.ps},
year = {2002}
}
@misc{Wikipedia2014c,
author = {Wikipedia},
title = {{Scrum - Wikipedia, la enciclopedia libre}},
url = {http://es.wikipedia.org/wiki/Scrum},
urldate = {30/04/14},
year = {2014}
}
@article{Sriram2012a,
author = {Sriram, R. and Mathew, S. K.},
doi = {10.1109/ICMIT.2012.6225837},
file = {::},
isbn = {978-1-4673-0110-7},
journal = {2012 IEEE International Conference on Management of Innovation \& Technology (ICMIT)},
keywords = {agile,global software development},
month = jun,
pages = {389--393},
publisher = {Ieee},
title = {{Global software development using agile methodologies: A review of literature}},
url = {http://ieeexplore.ieee.org/lpdocs/epic03/wrapper.htm?arnumber=6225837},
year = {2012}
}
@article{Taromirad2008a,
author = {Taromirad, Masoumeh and Ramsin, Raman},
doi = {10.1109/SEW.2008.19},
file = {::},
isbn = {978-0-7695-3617-0},
journal = {\ldots , 2008. SEW'08. 32nd Annual IEEE},
month = oct,
pages = {195--204},
publisher = {Ieee},
title = {{Cefam: Comprehensive evaluation framework for agile methodologies}},
url = {http://ieeexplore.ieee.org/lpdocs/epic03/wrapper.htm?arnumber=5328379 http://ieeexplore.ieee.org/xpls/abs\_all.jsp?arnumber=5328379},
year = {2008}
}
@article{La2011a,
author = {La, HJ and Lee, HJ and Kim, SD},
doi = {10.1109/WiMOB.2011.6085388},
file = {::},
isbn = {978-1-4577-2014-7},
journal = {\ldots Mobile Computing, Networking and \ldots},
keywords = {- mobile application architecture,design principles,guidelines,model-view-controller},
month = oct,
pages = {272--279},
publisher = {Ieee},
title = {{An Efficiency-centric design methodology for mobile application architectures}},
url = {http://ieeexplore.ieee.org/lpdocs/epic03/wrapper.htm?arnumber=6085388 http://ieeexplore.ieee.org/xpls/abs\_all.jsp?arnumber=6085388},
year = {2011}
}
@article{Rahimian2008a,
author = {Rahimian, Vahid and Ramsin, Raman},
file = {::},
journal = {Research Challenges in Information \ldots},
title = {{Designing an agile methodology for mobile software development: a hybrid method engineering approach}},
url = {http://ieeexplore.ieee.org/xpls/abs\_all.jsp?arnumber=4632123},
year = {2008}
}
@techreport{Claudia2007a,
abstract = {En este art\'{\i}culo se presentan y describen en detalle los distintos aspectos que conforman la calidad de un producto estad\'{\i}stico seg\'{u}n la OECD1 y EUROSTAT2 . Dichos aspectos est\'{a}n directamente asociados con las necesidades y requerimientos de los usuarios del producto ya que se considera que la calidad no se limita al aseguramiento de la exactitud y precisi\'{o}n del producto, sino que debe tambi\'{e}n considerar los aspectos de satisfacci\'{o}n de sus usuarios. Seg\'{u}n la OECD las dimensiones para las cuales se postula y sugiere cuantificar la calidad de un producto estad\'{\i}stico son: • Relevancia / Pertinencia • Acuracidad / Exactitud • Credibilidad • Oportunidad • Accesibilidad • Interpretabilidad • Coherencia Seg\'{u}n EUROSTAT a estos aspectos se agregan: • Puntualidad (como dimensi\'{o}n separada de oportunidad) • Transparencia (que la OECD considere en credibilidad) • Comparabilidad (que la OECD engloba en coherencia) • Exhaustividad (que la OECD considera parte de relevancia) Ambas instituciones entregan los lineamientos conceptuales que permitan definir dichos conceptos y sugieren indicadores que podr\'{\i}an operacionalizarlos. Sin embargo queda a criterio de la instituci\'{o}n generadora de productos la definici\'{o}n operativa de los indicadores, como tambi\'{e}n los criterios y est\'{a}ndares de satisfacci\'{o}n. Esto significa que cada instituci\'{o}n debe definir la m\'{e}trica en la cual medir\'{a} cada indicador asociado a cada dimensi\'{o}n, la forma de agregaci\'{o}n de los indicadores y los criterios que permitan asegurar que su producci\'{o}n estad\'{\i}stica es de calidad. En este art\'{\i}culo fuera de la descripci\'{o}n de las dimensiones se adjunta como ejemplo para cada una de ellas un conjunto de indicadores posibles que permiten cuantificarla},
author = {Claudia, M},
file = {::},
pages = {12},
title = {{Dimensiones de la Calidad}},
url = {http://www.ine.cl/canales/menu/publicaciones/estudios\_y\_documentos/estudios/dimensionesdecalidad\_4.pdf},
year = {2007}
}
@phdthesis{Jimenez2012a,
author = {Jim\'{e}nez, Er\'{e}ndira Miriam},
file = {::},
pages = {122},
school = {Instituto Politecnico Nacional},
title = {{Meta, una metodolog\'{\i}a h\'{\i}brida para desarrollo de software web propuesta para las empresas de software en m\'{e}xico}},
url = {http://www.saber.cic.ipn.mx/cake/SABERsvn/trunk/Repositorios/webVerArchivo/600/1.pdf},
year = {2012}
}
